% TJHSST CSL
% Writing Assignment
% Jonathan Lee

@Manual{R2015,
  title = {R: A Language and Environment for Statistical Computing},
  author = {{R Core Team}},
  organization = {R Foundation for Statistical Computing},
  address = {Vienna, Austria},
  year = {2013},
  url = {http://www.R-project.org/},
}

@misc{wolframalpha2015,
  author = {Wolfram Alpha},
  title = {Cos[32 degrees]},
  year = {2015},
  howpublished = "\url{http://www.wolframalpha.com/input/?i=Cos[32+degrees]}"
}

@misc{taylorseries2015,
    author = {Weisstein, Eric W.},
    title = {Taylor Series},
    year = {2015},
    howpublished = "\url{http://mathworld.wolfram.com/TaylorSeries.html}"
}
