@misc {
    isrid,
    author = {dbS Productions LLC},
    title = {{Incident Search \& Rescue Incident Database}},
    howpublished = {\url{https://www.dbs-sar.com/SAR_Research/ISRID.htm}},
    year = {2011},
    note = {[Proprietary; provided for free for analysis purposes]}
}

@misc {
    von_mises,
    title = {{von Mises Distribution: Estimation of Parameters}},
    howpublished = {\url{https://en.wikipedia.org/wiki/Von_Mises_distribution#
        Estimation_of_parameters}},
    year = {2015},
    note = {[Online; accessed January 27, 2016]}
}
