@misc {
    isrid,
    author = {dbS Productions LLC},
    title = {{Incident Search \& Rescue Incident Database}},
    howpublished = {\url{https://www.dbs-sar.com/SAR_Research/ISRID.htm}},
    year = {2011},
    note = {[Proprietary; provided for free for analysis purposes]}
}

@misc {
    noaa,
    author = {National Oceanic and Atmospheric Administration},
    title = {{Web Services API (version 2) Documentation}},
    howpublished = {\url{https://www.ncdc.noaa.gov/cdo-web/webservices/v2}},
    note = {[Provided for free to the public]}
}

@misc {
    wsi,
    author = {Weather Services International Corporation},
    title = {{Cleaned Observation API Documentation}},
    howpublished = {PDF document},
    note = {[Provided during a free trial]}
}
